<?xml version='1.0' encoding='UTF-8'?>
<record xmlns="http://www.loc.gov/MARC21/slim">
  <leader>01294cam a2200241 a 4500</leader>
  <controlfield tag="001">501079</controlfield>
  <controlfield tag="003">NjP</controlfield>
  <controlfield tag="005">20180808123753.0</controlfield>
  <controlfield tag="008">890322m19779999ir a     b    001|0 ara d</controlfield>
  <datafield tag="024" ind1="7" ind2=" ">
    <subfield code="a">princeton_aco002749</subfield>
    <subfield code="2">local</subfield>
  </datafield>
  <datafield ind1=" " ind2=" " tag="035">
    <subfield code="a">(OCoLC)26578206</subfield>
  </datafield>
  <datafield ind1=" " ind2=" " tag="035">
    <subfield code="a">(CStRLIN)NJPG89-B14328</subfield>
  </datafield>
  <datafield ind1=" " ind2=" " tag="035">
    <subfield code="9">ACH6856TS</subfield>
  </datafield>
  <datafield ind1=" " ind2=" " tag="040">
    <subfield code="a">NjP</subfield>
    <subfield code="c">NjP</subfield>
  </datafield>
  <datafield ind1="1" ind2=" " tag="100">
    <subfield code="a">ʻAlawī, ʻAlī ibn al-Ḥusayn.</subfield>
  </datafield>
  <datafield ind1="1" ind2="0" tag="240">
    <subfield code="a">Selections</subfield>
  </datafield>
  <datafield ind1="1" ind2="3" tag="245">
    <subfield code="a">al-Rāfid :</subfield>
    <subfield code="b">majmūʻat kutub wa-rasāʾil tawjīhīyah fīhā al-qiṣṣah, al-shiʻr, al-tārīkh, al-adab, al-laṭāʾif, al-tafsīr, uṣūl al-ʻaqāʾid, uṣūl al-fiqh, al-ruʾyā, al-mawʻiẓah, al-ḥisāb, al-rijāl, al-maʻājiz, al-ḥadīth, al-lughah, al-rasāʾil, al-asʾilah wa-al-ajwibah, wa-ghayruhā /</subfield>
    <subfield code="c">min taʾlīfāt ʻAlī ibn al-Ḥusayn al-ʻAlawī.</subfield>
  </datafield>
  <datafield ind1=" " ind2=" " tag="250">
    <subfield code="a">al-Ṭabʻah 1.</subfield>
  </datafield>
  <datafield ind1=" " ind2=" " tag="260">
    <subfield code="a">[Iran] :</subfield>
    <subfield code="b">Maktabatay al-Imām ʻAlī ibn al-Ḥusayn ;</subfield>
    <subfield code="a">Baghdād :</subfield>
    <subfield code="b">al-Jāmiʻ al-ʻAlawī ;</subfield>
    <subfield code="a">Qum :</subfield>
    <subfield code="b">Masjid ʻAlawī,</subfield>
    <subfield code="c">1398- [1977 or 1988- ]</subfield>
  </datafield>
  <datafield ind1=" " ind2=" " tag="300">
    <subfield code="a">v. :</subfield>
    <subfield code="b">ill. ;</subfield>
    <subfield code="c">25 cm.</subfield>
  </datafield>
  <datafield ind1=" " ind2=" " tag="504">
    <subfield code="a">Includes bibliographical references (v. 1, p. 458-465) and indexes.</subfield>
  </datafield>
  <datafield ind1=" " ind2="0" tag="650">
    <subfield code="a">Islamic literature.</subfield>
    <subfield code="0">http://id.loc.gov/authorities/subjects/sh85068461</subfield>
  </datafield>
  <datafield ind1=" " ind2=" " tag="998">
    <subfield code="a">08/28/92</subfield>
    <subfield code="s">9118</subfield>
    <subfield code="n">NjP</subfield>
    <subfield code="w">NJPG89B14328</subfield>
    <subfield code="d">03/22/89</subfield>
    <subfield code="c">JEB</subfield>
    <subfield code="b">JEB</subfield>
    <subfield code="i">920828</subfield>
    <subfield code="l">NJPG</subfield>
  </datafield>
  <datafield ind1=" " ind2=" " tag="911">
    <subfield code="a">19921028</subfield>
  </datafield>
  <datafield ind1=" " ind2=" " tag="912">
    <subfield code="a">19920828000000.0</subfield>
  </datafield>
  <datafield ind1="0" ind2="1" tag="852">
    <subfield code="0">545051</subfield>
    <subfield code="b">rcppa</subfield>
    <subfield code="t">1</subfield>
    <subfield code="h">BP88.A4282 1988</subfield>
    <subfield code="x">tr fr arab</subfield>
  </datafield>
  <datafield ind1=" " ind2="0" tag="866">
    <subfield code="0">545051</subfield>
    <subfield code="8">0</subfield>
    <subfield code="a">juzʾ 1</subfield>
  </datafield>
  <datafield ind1=" " ind2=" " tag="959">
    <subfield code="a">2000-06-13 00:00:00 -0500</subfield>
  </datafield>
</record>
